<record><leader>00000cas a2200000 a 4500</leader><controlfield tag="001">56717106</controlfield><controlfield tag="008">041012d2004200umiuwr n       0   a0eng c</controlfield><datafield ind1=" " ind2=" " tag="010"><subfield code="a">  2005213808</subfield></datafield><datafield ind1=" " ind2=" " tag="040"><subfield code="a">BEU</subfield><subfield code="b">eng</subfield><subfield code="c">BEU</subfield><subfield code="d">NSD</subfield><subfield code="d">OCLCQ</subfield><subfield code="d">OCLCF</subfield><subfield code="d">OCLCO</subfield></datafield><datafield ind1=" " ind2=" " tag="012"><subfield code="m">d</subfield></datafield><datafield ind1="1" ind2=" " tag="022"><subfield code="a">1554-2513</subfield><subfield code="l">1554-2513</subfield><subfield code="2">1</subfield></datafield><datafield ind1="1" ind2=" " tag="029"><subfield code="a">AU@</subfield><subfield code="b">000026537159</subfield></datafield><datafield ind1=" " ind2=" " tag="042"><subfield code="a">nsdp</subfield><subfield code="a">pcc</subfield></datafield><datafield ind1="1" ind2="0" tag="050"><subfield code="a">ISSN RECORD</subfield></datafield><datafield ind1=" " ind2="0" tag="222"><subfield code="a">Business review, Washtenaw Livingston</subfield></datafield><datafield ind1="0" ind2="0" tag="245"><subfield code="a">Business review, Washtenaw Livingston.</subfield></datafield><datafield ind1="1" ind2="7" tag="246"><subfield code="a">Business review</subfield></datafield><datafield ind1="3" ind2=" " tag="246"><subfield code="a">Business review of Washtenaw/Livingston</subfield></datafield><datafield ind1=" " ind2=" " tag="260"><subfield code="a">Ann Arbor, Mich. :</subfield><subfield code="b">Business Review of Washtenaw/Livingston,</subfield><subfield code="c">2004-</subfield></datafield><datafield ind1=" " ind2=" " tag="300"><subfield code="a">v. :</subfield><subfield code="b">ill. (some col.) ;</subfield><subfield code="c">36 cm.</subfield></datafield><datafield ind1=" " ind2=" " tag="310"><subfield code="a">Weekly</subfield></datafield><datafield ind1="0" ind2=" " tag="362"><subfield code="a">Vol. 2, issue 38 (Sept. 16/22, 2004)-</subfield></datafield><datafield ind1=" " ind2=" " tag="500"><subfield code="a">Title from caption.</subfield></datafield><datafield ind1=" " ind2="0" tag="650"><subfield code="a">Business</subfield><subfield code="v">Periodicals.</subfield></datafield><datafield ind1=" " ind2="0" tag="651"><subfield code="a">Washtenaw County (Mich.)</subfield><subfield code="x">Commerce</subfield><subfield code="v">Periodicals.</subfield></datafield><datafield ind1=" " ind2="0" tag="651"><subfield code="a">Livingston County (Mich.)</subfield><subfield code="x">Commerce</subfield><subfield code="v">Periodicals.</subfield></datafield><datafield ind1=" " ind2="7" tag="655"><subfield code="a">Periodicals.</subfield><subfield code="2">fast</subfield><subfield code="0">(OCoLC)fst01411641</subfield></datafield><datafield ind1=" " ind2="7" tag="650"><subfield code="a">Business.</subfield><subfield code="2">fast</subfield><subfield code="0">(OCoLC)fst00842262</subfield></datafield><datafield ind1=" " ind2="7" tag="650"><subfield code="a">Commerce.</subfield><subfield code="2">fast</subfield><subfield code="0">(OCoLC)fst00869279</subfield></datafield><datafield ind1=" " ind2="7" tag="651"><subfield code="a">Michigan</subfield><subfield code="z">Livingston County.</subfield><subfield code="2">fast</subfield><subfield code="0">(OCoLC)fst01214801</subfield></datafield><datafield ind1=" " ind2="7" tag="651"><subfield code="a">Michigan</subfield><subfield code="z">Washtenaw County.</subfield><subfield code="2">fast</subfield><subfield code="0">(OCoLC)fst01214739</subfield></datafield><datafield ind1="0" ind2="0" tag="785"><subfield code="t">Ann Arbor business review</subfield><subfield code="x">1932-2712</subfield><subfield code="w">(DLC)  2006214595</subfield></datafield></record>